@article{lotte_review_2018,
	title = {A review of classification algorithms for {EEG}-based brain窶田omputer interfaces: a 10 year update},
	volume = {15},
	issn = {1741-2560, 1741-2552},
	shorttitle = {A review of classification algorithms for {EEG}-based brain窶田omputer interfaces},
	url = {https://iopscience.iop.org/article/10.1088/1741-2552/aab2f2},
	doi = {10.1088/1741-2552/aab2f2},
	language = {en},
	number = {3},
	urldate = {2020-10-20},
	journal = {Journal of Neural Engineering},
	author = {Lotte, F and Bougrain, L and Cichocki, A and Clerc, M and Congedo, M and Rakotomamonjy, A and Yger, F},
	month = jun,
	year = {2018},
	pages = {031005},
	file = {Lotte 2018 - A review of classification algorithms for EEGbased brain窶田omputer interfaces, a 10 year update.pdf:C\:\\Users\\Slate\\Documents\\MUN\\Masters\\Masters Research\\Lotte 2018 - A review of classification algorithms for EEGbased brain窶田omputer interfaces, a 10 year update.pdf:application/pdf},
}

@article{BankBalazs2018CIIR,
    issn = {1053-5888},
    journal = {IEEE signal processing magazine},
    pages = {124--130},
    volume = {35},
    publisher = {IEEE},
    number = {3},
    year = {2018},
    title = {Converting Infinite Impulse Response Filters to Parallel Form [Tips and Tricks]},
    copyright = {Copyright 2018 Elsevier B.V., All rights reserved.},
    language = {eng},
    author = {Bank, Balazs},
    keywords = {Discrete-time systems ; Dynamic range ; Finite impulse response filters ; Transfer functions ; IIR filters ; Matlab},
}